@ARTICLE{ukr_survey,
  author={Zhelezniakov, Dmytro and Zaytsev, Viktor and Radyvonenko, Olga},
  journal={IEEE Access}, 
  title={Online Handwritten Mathematical Expression Recognition and Applications: A Survey}, 
  year={2021},
  volume={9},
  number={},
  pages={38352-38373},
  keywords={Handwriting recognition;Writing;Character recognition;Task analysis;Image recognition;Hidden Markov models;Deep learning;handwriting mathematical expressions recognition;human-computer interaction;LSTM;neural networks;ubiquitous computing},
  doi={10.1109/ACCESS.2021.3063413}}

  @INPROCEEDINGS{chinese_article,
  author={Li, Zhe and Jin, Lianwen and Lai, Songxuan and Zhu, Yecheng},
  booktitle={2020 17th International Conference on Frontiers in Handwriting Recognition (ICFHR)}, 
  title={Improving Attention-Based Handwritten Mathematical Expression Recognition with Scale Augmentation and Drop Attention}, 
  year={2020},
  volume={},
  number={},
  pages={175-180},
  keywords={Decoding;Feature extraction;Training;Handwriting recognition;Mathematical model;Predictive models;Image recognition;handwritten mathematical expression recognition;data augmentation;encoder-decoder network;attention mechanism},
  doi={10.1109/ICFHR2020.2020.00041}}